2646 4080
225 299 260 360 X,
278 295 294 364 ἕ
312 302 369 348 169.
404 299 444 348 De
462 299 604 350 verborum
620 298 863 362 sententiarumque
880 300 1020 361 positione.
1068 290 1126 351 147

168 585 214 662 Χ.
249 583 439 662 Nonnulla
467 604 570 683 quae
598 581 649 659 ad
677 583 860 684 syntaxin
889 584 1083 682 spectant.

203 787 231 846 1.
253 787 303 845 De
325 787 513 846 verborum
532 786 856 858 sententiarumque
875 783 1056 860 positione.

203 928 401 1016 Aethiopica
417 928 528 1011 lingua
539 925 878 1014 libertate-verborum
891 926 1137 992 sententiarum·
1147 931 1168 1004 ξ
1179 928 1238 989 169

120 1069 183 1131 que
204 1048 374 1132 positionis
398 1051 531 1131 superat
553 1049 709 1129 cognatas
737 1045 878 1128 linguas3
905 1066 981 1110 nam
1004 1066 1077 1109 cum
1102 1045 1137 1109 in

118 1166 190 1231 aliis
212 1163 375 1230 Semiticis
398 1164 598 1255 sermonibus
622 1184 662 1228 ea
684 1162 795 1227 valeat
814 1164 875 1240 lex,
899 1169 936 1226 ut
957 1164 1137 1246 generatim

119 1284 286 1349 definitum
328 1304 382 1350 res
425 1283 594 1364 definiens,
639 1280 825 1365 dependens
865 1303 935 1346 rem
970 1286 1137 1365 regentem

118 1410 287 1487 sequatur,
318 1404 384 1467 iam
412 1424 451 1467 ex
481 1401 520 1488 §Q
548 1406 604 1479 25,
635 1406 711 1482 101,
745 1404 804 1463 141
834 1401 923 1466 cerni
953 1406 1073 1485 potest,
1103 1401 1137 1465 in

117 1522 315 1607 Aethiopica
337 1521 531 1604 positionem
553 1520 752 1603 pronominis
767 1519 949 1603 possessivi,
973 1498 1136 1601 adiectiri,

117 1641 291 1706 numeralis
314 1638 422 1722 quoad
445 1636 647 1702 substantiva
669 1634 861 1702 abitrariam
884 1658 968 1720 esse,
991 1636 1076 1716 licet,
1099 1642 1137 1703 ut

118 1758 332 1842 supplendum
354 1763 419 1837 est,
449 1757 601 1839 antiquus
631 1776 700 1820 mos
723 1753 899 1821 Semiticus
921 1756 1137 1840 postponendi

118 1848 269 1942 adiectiri
284 1875 467 1942 attributivi
479 1875 577 1939 etiam
589 1875 623 1939 in
634 1873 833 1957 Aethiopica
848 1874 949 1940 multo
960 1876 1135 1959 frequenti·

118 2020 155 2063 or
183 1998 225 2062 sit
254 2019 351 2081 quam
378 1994 607 2081 praeponendi.
644 1993 835 2077 Postposita
859 2017 926 2094 nna
948 2017 1021 2065 cum
1043 1950 1311 2113 prae-'¹“3⁷3'‘Lsjig⁶

117 2117 231 2202 positis
257 2116 461 2183 inveniuntur
483 2136 508 2182 e.
535 2138 562 2180 c.
585 2114 647 2180 hoc
674 2114 762 2181 loco:
785 2114 883 2199 Phys.
908 2119 962 2197 13,
993 2120 1031 2180 16
1053 2118 1134 2180 i’icr
1162 2124 1251 2191 ffe‘ta
1274 2138 1311 2195 a:

117 2232 311 2307 hussrw‘fi
323 2230 552 2300 :itiitfflss'i
566 2235 689 2299 malus
706 2254 832 2299 sermo
847 2232 982 2316 perdit
996 2233 1136 2298 bonnm

116 2375 266 2419 morem.
303 2351 382 2418 Sola
399 2353 651 2420 demonstrativa
673 2352 753 2417 satis
776 2356 963 2417 constanter
984 2351 1135 2437 substan·
1157 2404 1205 2459 a(
1222 2404 1272 2457 ¹.

116 2472 189 2537 tivis
204 2472 482 2557 praeponentem*
499 2472 589 2539 cuius
604 2471 653 2536 rei
672 2469 819 2554 exceptio
836 2475 886 2534 est
899 2471 975 2535 hoc:
997 2467 1133 2534 nuum
1171 2461 1232 2539 tr,
1245 2488 1255 2537 ,··
1263 2484 1295 2540 ,a

116 2587 230 2658 Miri}
244 2562 426 2655 :mma
442 2587 594 2656 efficii
616 2589 700 2655 Lud.
728 2609 862 2672 gramm.
888 2610 962 2673 pag.
987 2593 1047 2655 166
1069 2587 1143 2701 ubi!
1161 2580 1177 2660 ζ’
1186 2578 1255 2681 ³2³⁰
1280 2578 1311 2671 ,tt

46 2798 49 2803 ῃ
117 2710 213 2774 haec
235 2708 362 2791 gloria
384 2708 618 2774 nativitatis
640 2713 730 2773 tuae
753 2715 928 2794 apparet
1151 2676 1262 2711 (Μ’
1291 2677 1302 2709 ²

201 2826 282 2891 Pari
303 2825 432 2891 ratione
454 2827 520 2890 iam
542 2828 576 2890 in
598 2827 635 2911 ἐξ
657 2832 707 2908 33,
733 2834 802 2907 132,
829 2832 902 2908 133,
928 2832 988 2895 134
1008 2827 1135 2893 intelle·
1277 2911 1280 2915 Δ

118 2966 194 3029 gere
226 2944 305 3012 licet
336 2945 529 3027 positionem
563 2950 597 3011 et
630 2946 882 3013 ennuntiationis
915 2947 1071 3013 relativae
1102 2952 1138 3012 et
1174 2992 1224 3043 a!
1243 2959 1311 3019 ‘fir

117 3063 250 3148 genitivi
275 3064 397 3130 voculis
424 3069 463 3144 11,
489 3061 577 3146 iffi,
607 3061 658 3130 at
684 3066 921 3152 circumscripti
950 3071 984 3132 et
1005 3066 1093 3132 vocis
1115 3086 1136 3130 a
1223 3076 1242 3127 ἐ
1260 3078 1290 3128 i·-

117 3183 247 3249 nomine
273 3183 324 3248 vel
350 3183 448 3249 verbo
477 3183 689 3268 dependentis
718 3189 752 3250 et
778 3185 893 3251 vocula
921 3186 945 3251 o
972 3183 1136 3251 indicatae

201 3442 218 3475 *
242 3452 344 3502 Contra
358 3453 408 3502 eir.
423 3450 557 3513 Abbadie,
572 3451 718 3517 catalogue
731 3465 807 3504 num.
822 3456 854 3503 49
869 3453 899 3504 in
912 3421 990 3504 fine..

278 3546 281 3551 .
934 3541 985 3596 Κ*
