2646 4080
491 313 647 365 nitrariae
1046 307 1088 366 25

131 480 315 530 concordentiis
339 481 564 543 Evangelistarum
585 481 691 532 Eusebii
720 485 745 531 et
770 483 946 533 numeratione
972 483 1086 533 omnium

131 548 264 598 verborum
283 547 429 598 eorundem.
462 550 566 599 Missele
584 565 643 600 cum
658 549 873 600 benedictione..
888 588 893 601 .
912 551 984 609 Quae
1002 553 1087 601 omnia

131 617 221 664 Frater
238 618 331 666 Petrus
348 616 474 682 (Oomosi)
491 618 616 680 Aethiops
633 618 727 667 auxilio
749 619 861 679 priorum
884 616 989 668 sedente
1006 620 1087 669 Paulo
1141 635 1142 639 ¹

130 684 173 733 111
189 684 265 735 Pont.
282 684 354 734 Max.
371 685 485 747 imprimi
502 687 600 737 curavit
617 702 639 735 a.
656 701 677 735 s.
695 686 878 736 MDXLVIII.

61 752 165 801 Novum
176 751 209 800 D.
221 752 254 800 N.
263 753 332 807 >Jesu
344 752 439 802 Christi
451 754 649 812 Testamentum,
668 769 700 802 ex
717 754 831 803 versione
847 752 992 816 Aethiopici
1009 753 1087 804 inter·

132 820 209 880 pretis
232 820 259 868 in
282 819 375 869 Bibliis
399 821 552 883 Polyglottis
576 821 727 884 Anglicanis
749 820 859 880 editum,
886 837 920 871 ex
945 822 1086 883 aethiopica

129 887 218 948 lingua
243 888 269 936 in
294 888 402 937 latinam
427 891 578 938 translatum
608 905 623 938 a
652 889 711 938 car.
736 890 801 951 lup.
827 890 904 940 Rode.
947 889 1086 952 Brunsvig.

61 1023 164 1071 Novum
181 1023 216 1073 D.
233 1023 266 1072 N.
284 1024 349 1074 Jesu
368 1023 462 1073 Obristi
480 1025 685 1084 Testamentum,
703 1039 735 1074 ex
752 1025 867 1074 versione
884 1023 1030 1086 Aethiopici
1046 1024 1085 1073 in-

130 1090 248 1151 terpretis
268 1091 296 1139 in
312 1091 404 1139 Bibliis
426 1092 579 1154 Polyglottis
596 1091 747 1155 Anglicenis
770 1091 881 1152 editum,
908 1107 966 1141 cum
989 1090 1086 1142 Graeco

128 1157 209 1221 ipsius
226 1160 296 1208 fonte
312 1159 423 1208 studiose
440 1159 548 1211 eontulit
568 1160 626 1210 Otr.
643 1161 709 1221 Aup.
727 1160 806 1209 Rode.
839 1159 950 1209 Brunsv.
970 1164 1044 1210 1753.

60 1225 164 1275 Novum
176 1226 369 1277 Testamentum
379 1227 485 1276 Domini
501 1228 581 1277 nostri
598 1233 624 1278 et
640 1229 773 1277 servatoris
790 1229 809 1279 J
810 1242 855 1277 esu
868 1227 962 1276 Christi
979 1226 1085 1277 Aethio·

129 1293 205 1410 {mad
227 1294 271 1342 Ad
293 1291 409 1343 codicum
434 1296 666 1358 manuscriptorum
690 1295 769 1346 fidem
795 1295 834 1344 ed.
860 1296 904 1347 Tb.
926 1295 983 1343 Pell
1005 1295 1085 1345 Plett.

154 1377 186 1410 on
206 1398 212 1410 .
232 1366 305 1414 1830.

62 1427 204 1485 Evanreiie
221 1434 309 1479 sancta
319 1428 478 1491 Aethiopiae.
512 1429 557 1477 Ad
575 1428 690 1479 codicum
707 1428 938 1491 manuscriptorum
949 1428 1028 1478 fidem
1045 1429 1084 1478 ed.

131 1497 176 1547 Tb.
195 1497 250 1545 Pell
267 1498 348 1546 Platt.
382 1495 466 1546 Irond.
486 1501 559 1546 1826.

61 1563 230 1626 Evangelium
247 1565 388 1614 secundum
404 1564 566 1623 Mathaeum,
589 1580 621 1614 ex
642 1565 758 1614 versione
780 1563 916 1626 aethiopici
939 1564 1085 1626 interpretis

129 1632 157 1680 in
172 1633 257 1682 bibliis
273 1632 420 1696 polyglottis
437 1633 579 1694 anglicanis
595 1633 705 1692 editum,
730 1646 788 1681 cum
810 1646 902 1693 graeco
919 1631 999 1694 ipsius
1015 1632 1087 1681 fonte

130 1700 242 1750 studiose
259 1701 365 1750 contulit
381 1704 456 1761 etque
473 1699 590 1762 plurimis
607 1704 660 1749 tam
678 1700 812 1762 exegeticis
830 1714 907 1760 quam
924 1700 1084 1762 philologieis

129 1768 346 1817 observationibus
357 1772 458 1816 textum
469 1768 569 1828 partim.
587 1768 681 1829 partim
697 1768 839 1816 versionem
849 1768 988 1816 illustravit
998 1771 1086 1817 auctor

132 1835 190 1886 oar.
208 1837 274 1897 Acy.
292 1837 420 1886 Rode...
455 1836 537 1884 Halae
554 1836 674 1898 Magdeb.
694 1840 767 1885 1749.

64 1900 90 1950 Β.
115 1903 206 1953 Jaoobi
227 1903 336 1965 apostoli
358 1904 478 1965 epistolae
499 1903 636 1952 catholicae
659 1904 740 1954 versio
763 1903 864 1952 arabica
886 1905 912 1951 et
934 1901 1083 1964 aethiopica,

129 1971 254 2020 latinitate
276 1980 384 2034 utraque
405 1971 513 2031 donata,
538 1987 586 2021 nec
606 1987 658 2021 non
675 1987 691 2019 a
707 1971 794 2020 multis
816 1969 916 2020 mendis
938 1973 1083 2031 repurgata,

130 2040 231 2100 punctis
248 2039 378 2089 vocalibus
395 2044 513 2089 accurate
530 2039 661 2102 insignita,
685 2045 710 2088 et
732 2039 799 2089 uotis
819 2037 979 2102 philologieis
996 2053 1010 2087 e
1027 2052 1084 2098 pro·

131 2107 318 2156 batissimorum
336 2106 452 2160 Arabum
475 2107 575 2169 scriptis
595 2107 729 2157 illustrata.
765 2106 813 2155 uui
830 2105 927 2155 accedit
943 2105 1084 2154 Harmonia

67 2192 69 2197 ’
131 2174 258 2223 variarum
284 2176 441 2236 linguarum,
470 2190 522 2236 qua
547 2175 714 2224 Orientalium
740 2190 790 2237 qua
814 2175 1008 2234 Europaearum
1027 2209 1032 2221 .
1052 2208 1058 2222 .
1078 2210 1084 2221 .

130 2244 235 2304 insuper
245 2242 363 2291 instituta
374 2243 483 2304 diligens
495 2257 586 2293 vocum
605 2244 828 2305 synonymicarum
840 2239 933 2290 codicis
944 2239 1086 2302 Erpeniani

130 2324 189 2358 cum
207 2311 344 2360 Parisienei
362 2311 469 2371 collatio,
486 2311 605 2372 inspersis
622 2311 664 2359 hic
681 2311 740 2359 inde
757 2311 942 2364 Hebraeorum,
959 2306 1083 2366 Arabum,

132 2377 286 2438 Turcarum,
310 2380 496 2440 Persarumque
519 2378 617 2439 adagiis
636 2414 642 2428 .
660 2412 692 2426 ..
720 2393 796 2439 opere
818 2378 842 2426 J.
867 2375 897 2424 G.
916 2375 1035 2435 Nieeele'i,
1060 2382 1085 2424 et

133 2443 222 2495 raeco.
235 2447 344 2495 Petraei.
378 2446 464 2509 Lugd.
476 2447 534 2495 Bat.
554 2450 625 2494 1654.
662 2443 774 2512 [Zenker
792 2445 820 2493 Il
840 2448 886 2493 165
906 2443 1084 2505 „L'harmonie

131 2512 176 2562 des
201 2515 323 2576 langues,
350 2514 375 2561 la
400 2514 519 2563 collation
544 2514 589 2561 des
614 2514 694 2563 Mes.
721 2519 747 2562 et
771 2513 808 2562 les
834 2511 929 2571 adapes
950 2512 1084 2559 orientaux

131 2581 203 2630 n’ont
226 2582 327 2644 j'amais
353 2581 392 2630 ete
417 2581 570 2643 imprimes.“
591 2608 626 2617 —
648 2580 771 2643 Exempli
792 2582 841 2629 mei
867 2578 956 2628 titulus
982 2579 1083 2626 Petraei

131 2652 231 2698 tantum
247 2649 356 2698 auctoris
373 2651 526 2698 mentionem
544 2649 604 2697 fecit
621 2649 703 2699 verbis
719 2664 783 2711 quae
795 2649 940 2696 Zenkerum
951 2647 1083 2696 offendunt

132 2732 251 2769 omrssrs.

66 2783 93 2836 S.
112 2784 196 2834 Judae
214 2719 320 2848 aionon
342 2783 463 2846 epistolae
485 2783 623 2833 catholicae
641 2784 724 2833 versio
742 2783 841 2832 arabice
859 2786 884 2831 et
900 2782 1040 2844 aethiopiae
1057 2782 1084 2830 in

133 2852 285 2902 latinitatem
296 2853 418 2901 translata
435 2854 460 2900 et
471 2852 573 2914 punctis
589 2852 718 2901 vocalibus
736 2851 853 2911 animata,
871 2849 965 2898 additis
982 2849 1084 2911 quibus·

132 2919 192 2969 dam
213 2921 299 2969 variae
320 2920 435 2971 lectionis
457 2920 524 2969 notis
546 2935 561 2968 a
581 2921 605 2969 J.
626 2919 655 2980 G.
673 2918 783 2969 uasere
807 2921 832 2968 et
856 2919 946 2966 Tbeoei.
971 2918 1086 2965 Petraeo.

133 2989 219 3050 Lugd.
236 2990 295 3037 Bat.
314 2992 387 3037 1654.

67 3055 94 3104 S.
112 3056 238 3106 «Iohannis
254 3055 361 3119 apostoli
378 3058 403 3104 et
420 3055 590 3117 evangelistae
607 3054 727 3116 epistolae
745 3054 882 3104 catholicae
899 3056 964 3112 tres,
986 3051 1085 3106 arabice

134 3129 160 3172 et
182 3124 330 3186 aethiopica.
366 3124 461 3173 Omnes
484 3123 517 3171 ad
539 3124 647 3173 verbum
670 3122 698 3170 in
719 3123 827 3171 latinum
849 3135 1002 3169 versae...
1025 3133 1087 3168 cura

134 3192 159 3241 J.
181 3192 210 3243 G.
229 3192 338 3240 Macelli
353 3197 380 3242 et
398 3192 488 3240 Tteoei.
507 3191 617 3241 Petraei.
651 3189 738 3252 Lugd.
754 3189 812 3239 Bat.
832 3193 905 3240 1654.
