2646 4080
280 313 322 371 44
586 319 635 378 IV,
654 317 670 384 ξ
692 323 731 368 58.
767 320 807 367 De
825 317 991 381 imperfecto.

280 493 419 570 utroque
442 485 538 550 modo
555 483 669 548 eadem
685 484 758 562 sint,
775 503 912 566 cumque
927 480 1172 546 terminationes
1188 479 1302 545 modos

280 605 501 670 discernentes
524 602 662 686 amplius
685 622 750 666 non
773 601 845 676 sint,
869 600 1299 685 athlss-Qdm,0⁰.dldl0·

278 721 530 805 runtjormam,
556 726 593 785 ut
619 720 763 784 nuncin
790 718 1001 783 annectendis
1027 715 1149 782 suffixis
1172 721 1299 780 tantum

278 841 398 924 ubique
422 838 548 903 duabus
571 837 796 904 occasionibus
819 837 992 913 discrimen
1006 834 1162 917 originale
1174 833 1300 916 „intelli-

279 963 374 1041 gutur
397 958 429 1040 (ξ
451 960 491 1022 82
515 957 549 1022 in
570 956 633 1020 fine
658 961 691 1021 et
712 960 732 1038 ξ
755 961 796 1021 84
817 956 851 1020 in
872 954 960 1034 fine.)

363 1074 413 1140 At
426 1075 461 1140 in
476 1077 576 1158 stirpe
593 1074 699 1158 prima
715 1079 748 1138 et
763 1072 907 1139 secunda
922 1070 1105 1137 differentia
1123 1071 1180 1136 illa
1202 1090 1299 1153 quam

279 1195 364 1259 inter
385 1194 500 1260 modos
529 1198 743 1276 congruentes
773 1192 931 1257 interesse
959 1196 1140 1268 senserint,
1168 1183 1299 1291 quibus·

279 1312 355 1378 dam
377 1313 555 1394 formarum
579 1311 768 1377 differentiis
791 1310 944 1392 inhaesit,
975 1332 1073 1394 quae,
1100 1315 1139 1375 ut
1162 1310 1301 1391 videtur,

277 1431 479 1515 originaliter
501 1431 627 1498 alienae
649 1430 738 1494 fuere
761 1428 1009 1495 arelationibus
1024 1424 1215 1494 modorum,
1240 1429 1295 1524 In-

276 1551 377 1634 signis
399 1551 485 1616 enim
506 1550 674 1632 indicativi
698 1548 869 1613 character
892 1549 926 1612 in
953 1547 1122 1632 stirpibus
1134 1521 1297 1632 primariis

277 1673 323 1747 (1)
346 1669 468 1750 uocalis
489 1673 608 1761 pulpost
633 1668 773 1750 primam
798 1664 991 1750 radicalem,
1017 1665 1052 1730 in
1077 1666 1184 1759 uerbis
1212 1686 1299 1730 com-

274 1784 416 1867 plurium
430 1785 624 1850 radicalium
638 1790 713 1868 post
728 1782 1027 1866 antepenultimam,
1044 1784 1196 1864 habetur,
1213 1804 1298 1867 quae

275 1901 361 1966 unde
383 1907 462 1968 nata
484 1903 535 1981 sit,
557 1923 622 1967 non
644 1906 788 1981 constat3
810 1901 933 1967 formae
948 1923 1008 1986 per
1025 1903 1167 1986 speciem
1183 1902 1299 1967 saltem

277 2019 398 2084 similes
407 2006 625 2106 indssyriaca
639 2021 760 2104 lingua,
775 2020 810 2085 in
825 2021 934 2085 multis
949 2021 1135 2086 recentibus
1150 2021 1300 2086 dialectis

274 2136 434 2214 Arabum,
447 2138 623 2223 aliquando
638 2139 738 2204 etiam
748 2140 782 2203 in
795 2136 932 2223 Syriaca
944 2138 1013 2219 (cfr.
1025 2109 1137 2212 εἰμ’,
1154 2112 1296 2221 χῑῖὓὶξῖ)

275 2261 472 2339 comparent.
518 2254 687 2321 Secundae
712 2262 824 2321 eontra
847 2256 965 2339 stirpes
988 2277 1028 2321 ex
1055 2276 1089 2322 se
1115 2257 1195 2340 ipsis
1222 2256 1299 2322 sub-

263 2375 452 2458 junctivum
479 2381 608 2440 tantum
634 2375 789 2455 formant,
821 2379 858 2438 ut
884 2379 1018 2446 ,ed-8⁴9⁰
1046 2374 1227 2461 (jp‘dsseuc)
1256 2382 1300 2440 ut

274 2490 411 2571 finiat,
444 2493 657 2559 indicativum
691 2498 800 2557 autem
834 2493 1143 2577 correspondentem
1179 2493 1300 2558 tertiae

274 2608 385 2692 stirpis
417 2609 629 2676 indicativum
667 2611 804 2694 eligunt,
839 2611 928 2675 velut
960 2615 1096 2684 ΜΨ
1133 2610 1298 2697 (Missus)

271 2725 403 2804 finiet,
426 2732 463 2792 ut
485 2727 539 2792 hic
560 2729 721 2794 vocalium
748 2734 768 2791 ἄ
795 2733 829 2792 et
858 2738 874 2792 ἑ
902 2729 1155 2810 permutatione,
1185 2749 1297 2793 conso·

271 2845 426 2910 nantibus
454 2845 658 2929 simplicibus
684 2851 718 2911 et
745 2846 916 2928 geminatis
946 2845 1131 2912 differentia
1160 2846 1298 2913 duorum

272 2962 444 3028 modorum
464 2962 655 3047 intellegere
678 2964 785 3028 liceat.

356 3080 619 3170 Praeiormutiva
641 3102 716 3172 eum
739 3081 844 3147 vocali
867 3089 968 3146 enon
992 3102 1065 3147 cum
1080 3089 1109 3161 ct,
1131 3087 1169 3146 ut
1185 3102 1298 3147 secun-

274 3197 893 3283 dumArabumvocalesexspectaveris,
904 3200 1164 3283 pronuntiantur,
1172 3208 1297 3285 (quam-

271 3336 369 3399 quam
383 3316 546 3382 interdum
562 3317 660 3382 etiam
672 3317 705 3382 in
720 3314 869 3382 Arabica
881 3318 991 3401 lingua
1007 3319 1189 3402 imperfecti
1203 3340 1298 3402 prae-

270 3433 442 3500 formativa
463 3433 610 3500 vocalem
630 3442 645 3500 t
666 3434 913 3516 demonstrant).
1042 3485 1044 3488 >
