2646 4080
203 294 237 380 4ᾗ
687 327 744 395 §u

203 502 313 580 tamen
333 515 467 580 prorsus
489 514 554 559 non
583 494 710 575 eadem,
741 501 854 560 exorta
883 500 933 558 est
954 494 1149 572 Ambarica*
1171 496 1221 561 his

203 612 402 697 temporibus
431 613 482 677 vel
509 618 600 678 extra
622 612 817 678 Abessiniae
844 611 924 677 fines
948 614 1133 679 commercii
1155 634 1221 679 ser·

203 731 307 797 monis
329 730 437 796 locum
460 738 582 798 tenens.

289 847 426 915 Omissis
441 850 612 933 perpaucis
626 849 890 932 inscriptionibus
901 849 1012 933 lingua
1023 850 1222 936 Aethiopica

202 967 313 1034 multis
328 968 555 1052 manuscriptis
571 967 694 1033 tradita
710 973 774 1046 est3
799 988 936 1050 quorum
952 988 1025 1032 oum
1039 970 1163 1035 nullum
1178 971 1222 1036 ad

204 1087 239 1151 id
262 1106 326 1170 quo
346 1087 417 1151 viva
431 1085 541 1168 lingua
556 1092 637 1166 erat,
659 1091 786 1170 tempus
803 1086 978 1151 dolendum
993 1088 1036 1151 sit
1050 1090 1221 1171 pertinere,

203 1204 325 1289 scripta
347 1204 522 1269 traditione
544 1204 617 1288 plus
634 1204 786 1285 ¹minusve
808 1204 1043 1270 recentioribus
1074 1206 1221 1273 dialectis

202 1323 336 1406 infecta,
368 1323 542 1406 imaginem
572 1324 641 1389 eius
674 1322 807 1407 paulum
838 1322 1039 1405 inquinatam
1072 1325 1221 1408 accipere

202 1441 363 1522 videmur,
395 1442 523 1507 etiamsi
549 1441 722 1507 nonnullae
752 1441 943 1506 manifestae
969 1462 1022 1507 res
1049 1464 1150 1508 novae
1164 1428 1166 1431 ⁵
1182 1465 1221 1508 ex

202 1558 436 1626 recentioribus
459 1559 605 1625 dialectis
627 1560 699 1626 viva
722 1560 828 1626 adhue
850 1560 960 1644 lingua
978 1560 1049 1635 fieri
1063 1561 1170 1644 potuit
1184 1568 1221 1626 ut

200 1682 420 1761 vsurreperent.
454 1717 494 1725 -
528 1674 753 1744 Grammatico
788 1677 917 1762 linguae
950 1679 1167 1762 Aethiopicae
1202 1700 1222 1744 a

202 1796 279 1861 viris
302 1794 487 1861 domesticis
511 1795 615 1860 doctis
637 1796 812 1879 praecipue
834 1818 899 1862 non
922 1803 972 1862 est
999 1798 1087 1862 eulta
1114 1818 1221 1881 neque

204 1914 381 1980 elaborata.
1216 1901 1220 1908 ’

289 2101 304 2132 *
333 2104 381 2154 cfr.
409 2103 552 2155 Grammar
577 2104 607 2154 of
630 2104 676 2152 the
699 2102 827 2154 Amhario
850 2105 997 2168 Langnage
1023 2106 1060 2169 by
1086 2106 1133 2155 the
1156 2107 1222 2156 Rev.
1278 2117 1281 2122 ·

121 2217 125 2223 ·
206 2188 252 2239 Oh.
271 2189 314 2239 W.
336 2189 471 2252 Isenberg.
511 2187 626 2238 London
650 2192 723 2236 1842.
747 2215 778 2222 —
803 2189 954 2250 Pretorius,
978 2188 1029 2238 Die
1053 2190 1222 2240 amharisohe

205 2273 330 2337 Sprache.
365 2272 445 2323 Helle
471 2276 543 2325 1879.
564 2298 598 2307 -
616 2272 774 2338 Dictionary
796 2273 826 2323 of
845 2275 893 2323 the
915 2273 1044 2324 Amharic
1065 2274 1219 2338 Language.

203 2357 246 2420 By
267 2357 314 2407 the
331 2357 398 2409 Rev.
418 2356 466 2407 Oh.
478 2358 521 2407 W.
539 2357 676 2421 Isenberg.
710 2356 824 2406 London
843 2360 917 2409 1841.
934 2385 969 2393 -
986 2357 1170 2410 Dictionnaire
1188 2359 1220 2409 tle

203 2441 231 2490 la
247 2439 360 2504 Isangue
378 2440 525 2492 Amarififia
542 2456 592 2504 par
609 2440 728 2492 Antoine
746 2441 902 2493 d’Abbadie.
937 2443 1013 2492 Paris
1034 2446 1106 2492 1881.
