2646 4080
454 729 756 826 Praefatio.

184 989 252 1054 Hic
261 989 303 1053 ad
314 988 475 1053 elementa
484 985 701 1068 Aethiopicae
710 984 838 1068 baguae
851 987 1014 1068 pertinens
1027 987 1119 1070 liber,

100 1090 253 1173 quoniam
271 1090 305 1154 in
323 1110 361 1154 eo
376 1108 482 1172 neque
496 1087 722 1171 inquisitiones
745 1088 971 1170 quaestionum
993 1089 1121 1153 scienti·

100 1177 1120 1275 ficarumnequeplenamateriaetraotatiodesideraripossunt,
1241 1238 1243 1242 -

100 1294 197 1358 immo
213 1292 373 1357 tironibus
389 1298 483 1375 (quos
499 1283 608 1355 tamen
619 1288 821 1354 Hebraieam
833 1296 931 1372 atque
943 1289 1122 1357 Arabicam

100 1413 196 1458 nosse
227 1393 370 1476 linguam
400 1397 640 1475 praesumatur)
655 1456 656 1460 ,
671 1411 709 1454 eo
743 1411 854 1455 earum
881 1392 1122 1476 disciplinarum

101 1494 347 1578 grammaticam
376 1492 659 1558 adumbrationem
687 1491 843 1556 traditam
868 1493 953 1570 volo,
986 1514 1122 1576 quarum
1179 1549 1181 1552 ,

102 1597 271 1679 indigeant
285 1596 329 1661 ad
343 1596 482 1679 primam
497 1594 742 1671 institutionem,
764 1594 987 1659 tantummodo
1001 1595 1123 1660 utilita-

103 1703 170 1762 tem
184 1699 365 1780 practicam
379 1717 484 1779 neqne
500 1717 534 1760 se
551 1715 621 1759 esse
635 1716 759 1760 meram
778 1701 877 1779 atque
899 1698 971 1762 eam
994 1696 1123 1779 quidem

101 1807 233 1864 tenuem
255 1799 418 1881 epitomen
433 1797 697 1863 Dillmannianae
717 1798 950 1880 grammaticae
973 1798 1036 1864 sibi
1055 1800 1121 1864 vin·

104 1899 214 1964 dicare
251 1905 369 1983 potest.
425 1898 633 1964 Sectionibus
666 1898 865 1983 singulisque
899 1900 1009 1965 formis
1043 1922 1124 1984 quas

103 2001 196 2065 initio
218 2001 480 2084 praetermittere
500 2000 578 2065 licet
592 2001 718 2083 signnm
732 1999 759 2088 †
773 2003 993 2085 praepositum
1009 2008 1067 2068 est.
1083 2041 1124 2051 —

104 2101 244 2170 Veniam
266 2107 407 2185 quatuor
425 2102 532 2186 prima
547 2103 657 2185 capita
672 2122 712 2166 ex
726 2101 918 2167 Dillmannii
933 2103 1124 2168 octateucho

104 2208 211 2267 sumta
226 2203 432 2286 imprimendi
447 2201 750 2267 benevolentissime
766 2202 873 2268 editor
891 2209 924 2269 et
945 2203 1125 2288 bibliopola

104 2304 273 2369 dederunt.
321 2304 363 2369 in
391 2302 584 2387 recipiendis
611 2324 729 2386 parvae
752 2305 1024 2370 chrestomathiae
1046 2327 1124 2390 quo·

106 2425 168 2488 que
199 2406 343 2470 textibus
376 2413 502 2471 tantum
537 2406 571 2469 in
598 2404 705 2469 animo
736 2426 787 2470 me
818 2406 971 2473 habuisse
1003 2409 1124 2491 perspi-

106 2528 203 2571 cuum
228 2507 387 2572 tironibus
416 2508 546 2573 tradere
579 2510 705 2592 textum
738 2512 1043 2575 commemoratione
1073 2512 1125 2575 vix

105 2608 323 2691 indigeat-
346 2607 501 2674 Ceterum
528 2609 684 2674 lectorem
705 2606 856 2690 ignorare
877 2611 952 2675 nolo
978 2616 1125 2677 autorem

85 2711 260 2776 'versionis
287 2711 427 2777 Latinae
457 2712 556 2777 fuisse
584 2712 720 2778 Justum
746 2711 939 2778 Wauboke
965 2711 1124 2790 Silesinm,

103 2813 202 2879 theol.
226 2821 259 2877 et
281 2813 359 2897 phil.
382 2813 573 2883 studiosum.

133 2980 136 2984 ’
190 2964 470 3029 Wratislaviae
494 2985 604 3030 mense
626 2964 717 3031 Maio
743 2939 834 3030 1886.
872 3006 890 3035 0

772 3152 807 3216 F.
830 3151 1042 3219 Praetorius.
