2646 4080
204 327 243 387 36
329 337 376 399 IV,
395 335 411 402 ξ
429 342 537 390 41-43.
573 339 615 389 De
632 341 707 390 verbi
724 339 832 389 triliteri
850 335 1091 402 coniugationibus.

201 503 275 566 tivis
290 502 514 587 reflexivisque
531 505 563 592 (ξ
579 509 634 586 43,
650 511 705 585 45,
720 510 776 586 46)
797 504 911 591 quinta
931 505 1056 587 species
1076 504 1223 571 derivata

21 688 79 701 ,Ι
202 621 1223 708 invenitur‚verumetiamsinepraeformativisnonpausaverba

52 712 61 742 ⁶
202 744 239 804 ut
264 734 348 803 ma
374 740 546 819 miscuit,
578 740 733 823 (mooe
762 741 939 820 incessu,
967 733 1062 804 roa
1088 741 1222 820 vinxit,

30 917 46 925 -
73 834 98 965 Ξ
136 832 173 869 aa
203 857 268 923 alia
291 879 375 943 quae
397 859 445 923 illi
460 860 555 942 stirpi
571 861 704 943 quintae
721 860 838 925 similia
855 863 937 937 sunt,
962 879 1098 943 quorum
1113 866 1222 926 autem

87 986 89 995 ’
202 977 323 1041 vooalis
347 986 365 1042 ὃ
387 977 541 1043 radicalis
564 985 627 1058 est,
658 980 692 1042 in
716 978 942 1061 coniugatione
965 978 1088 1061 proprii
1110 998 1222 1043 sensus

16 1107 99 1177 ΓΜ,
203 1095 419 1178 reperiuntur.
463 1095 626 1162 Nimirum
649 1096 748 1161 etiam
775 1095 856 1160 haeo
881 1094 981 1160 verba
1010 1095 1223 1179 quadrilitera

72 1298 75 1303 Ι
204 1212 367 1278 secundae
389 1213 458 1278 rad.
475 1218 676 1297 reputantur
698 1219 739 1294 et,
762 1218 798 1278 ut
820 1235 840 1279 a
861 1212 960 1279 verbo
983 1217 1069 1295 ibim,
1092 1215 1140 1279 ita
1155 1221 1222 1280 eta

16 1303 94 1382 Ψ
203 1331 302 1396 verso
317 1329 401 1396 eoa
421 1331 612 1397 admodum
627 1333 815 1416 merop
831 1335 885 1412 so)
903 1331 1065 1416 effingitur
1079 1333 1222 1399 mena

203 1470 241 1515 se
263 1451 508 1517 miscuerunt.
557 1446 734 1520 ausimo
940 1440 1161 1522 sfflo'swd‘f

131 1571 198 1646 §42
289 1567 398 1636 Series
420 1576 607 1638 transversa
622 1573 661 1638 II
677 1572 920 1656 coniugationes
944 1572 1124 1637 causativas
1146 1593 1221 1656 pro-

201 1687 302 1769 ponit,
326 1708 409 1772 quae
432 1693 601 1774 tamquam
622 1690 656 1754 in
678 1690 789 1773 lingua
811 1689 959 1754 Arabica
983 1695 1015 1754 et
1034 1688 1221 1771 Aramaioa‚

202 1807 251 1870 sio
265 1807 299 1872 in
314 1807 512 1890 Aethiopica
527 1810 716 1892 praeposita
739 1809 870 1892 quidem
884 1808 980 1874 litera
997 1812 1018 1874 d
1032 1809 1220 1894 formantur,

202 1924 261 1989 sed
283 1946 348 1990 non
370 1925 474 1991 solum
497 1947 517 1991 a
539 1927 640 2009 stirpe
663 1929 778 2010 prima,
802 1929 1049 1992 verumetiama
1070 1928 1221 1993 derivatis

203 2042 359 2128 stirpibus
382 2044 539 2123 secunda,
563 2046 673 2125 tertia,
703 2051 820 2128 quarta
842 2050 875 2110 et
897 2066 980 2129 quae
1002 2045 1129 2111 videtur
1151 2067 1222 2113 esse

204 2165 326 2246 quinta.
372 2157 426 2229 De
452 2164 553 2248 stirpe
576 2162 719 2229 secunda
742 2170 775 2227 et
796 2165 894 2228 tertia
916 2163 969 2228 hio
998 2164 1112 2229 eadem
1139 2187 1222 2249 quae

202 2285 236 2347 in
251 2284 457 2367 paragrapho
469 2287 507 2348 41
523 2282 565 2350 ad
580 2283 599 2348 I
615 2282 802 2358 dictasunt,
818 2281 936 2347 valent.
950 2321 991 2330 -
1008 2281 1096 2348 Satis
1112 2289 1222 2351 autem

203 2404 392 2485 frequenter
420 2404 586 2468 causativa
608 2401 807 2485 Aethiopica
830 2401 1113 2484 (quemadmodum
1137 2402 1221 2468 Ara·

47 2506 112 2548 “¹³''
130 2524 153 2551 ¹·'‘
203 2522 291 2601 bioa)
318 2521 412 2585 nobis
439 2521 570 2605 quidem
597 2520 693 2604 plane
720 2519 944 2586 intransitivae
973 2520 1083 2586 vident
1069 2527 1123 2587 tur
1150 2543 1220 2587 esse

20 2641 100 2703 aas.
203 2639 341 2704 senten
333 2660 445 2721 rae
421 2641 606 2705 ditm
629 2640 754 2706 tacui
776 2643 809 2702 et
829 2636 926 2703 feort
946 2643 985 2703 ut
1005 2645 1220 2722 taceretur

204 2753 299 2823 dddd.
321 2759 471 2842 quievit
493 2757 643 2822 etfacit
664 2764 706 2822 ut
728 2757 1007 2841 quiesceretm.

132 2883 198 2958 §43
288 2876 356 2941 Ι.Π
380 2874 441 2942 Alt
427 2881 533 2942 terum
563 2878 763 2941 causativum
789 2876 1007 2959 praefixist
970 2875 1007 2940 fit
1032 2875 1071 2939 lit
1058 2877 1134 2970 teris
1166 2874 1219 2955 dd,
1223 2856 1249 2893 '⁸³

62 3072 75 3083 .
96 3070 112 3081 ι
205 2994 346 3078 (Saphel,
371 2994 464 3077 Sapit
467 2994 506 3075 ed)
530 2993 621 3058 cuius
635 2992 844 3076 praeformat
836 2992 878 3056 mi
894 2994 1057 3074 antiquior
1071 2993 1105 3056 in
1119 2995 1221 3058 nomi-

16 3083 31 3109 *
79 3096 123 3135 ²⁰²
203 3112 299 3177 nibus
314 3114 458 3178 cernitur
472 3112 577 3177 forma
592 3117 629 3175 ut
646 3109 745 3175 ΩΡΗἩ
763 3112 878 3192 rigor,
895 3109 998 3177 d‘i’bc
1012 3110 1219 3176 fastidium.

20 3223 29 3267 s
57 3228 142 3307 >itis
205 3226 348 3312 Quintae
375 3236 484 3295 autem
511 3229 622 3311 stirpis
650 3229 849 3292 causativum
879 3227 980 3309 (quod
1005 3229 1039 3292 in
1061 3233 1080 3310 ς
1103 3233 1159 3306 42,
1182 3229 1221 3294 II
1313 3304 1316 3309 ἢ

206 3350 321 3415 deesse
344 3349 495 3429 diximus)
519 3348 622 3414 asoito
646 3347 707 3410 hoo
727 3345 977 3429 praeformativo
994 3342 1038 3409 dd
1053 3347 1221 3430 suppletur

205 3477 238 3533 et
261 3488 457 3550 quamquam
481 3467 533 3529 hio
557 3485 683 3548 quoque
707 3462 840 3527 verbum
862 3465 1029 3546 proprium
1048 3464 1218 3543 invenitur,
