2646 4080
120 332 161 381 IV
163 331 325 396 ‚iao-95
350 332 425 382 De
407 347 440 382 us
456 332 623 395 quaeraris
636 326 897 399 meticomplect.
908 335 1007 386 verbis
1043 326 1081 385 73
1108 384 1178 451 (m

60 493 192 571 praeter
213 422 362 561 ridden
383 442 576 562 uuiaet
588 426 671 557 dd.
716 492 757 558 In
785 495 878 573 lchll,
908 494 992 567 lou
1014 483 1150 581 illusi*

60 607 182 673 vocalis
204 615 224 670 d
250 607 315 673 iam
342 613 440 692 propt
441 629 477 673 er
505 614 577 692 gutt
564 611 687 676 turales
718 611 825 695 posita
851 611 895 676 sit
925 609 996 690 (cfr.
1018 589 1083 703 234,

63 751 135 810 δ”
160 705 308 808 γέλω

148 844 261 911 Verba
283 846 389 939 med.
404 865 432 937 w
455 847 527 910 et
506 867 524 928 p
548 846 748 941 Aethiopica
770 846 877 913 fundit
864 852 915 912 tus
938 847 970 911 in
972 851 1023 912 ter
1050 847 1165 923 se§94

64 961 300 1057 discernuntur,
324 983 404 1041 oum
418 984 633 1049 unaquaeque
650 965 755 1031 forma
769 957 942 1032 verborum
957 964 1041 1052 med.
1056 987 1086 1029 w

63 1079 241 1167 radicalem
274 1082 325 1148 vel
356 1104 397 1161 w,
428 1082 478 1146 vel
510 1093 544 1161 w,
580 1085 631 1148 vel
663 1095 696 1164 o,
731 1105 947 1169 unaquaeque
982 1085 1086 1150 forma

65 1196 149 1264 med.
158 1220 177 1283 y
174 1199 371 1266 radicalem
385 1200 468 1266 vel
447 1222 466 1282 p
482 1200 561 1265 vel
547 1223 559 1266 a
573 1202 657 1265 vel
640 1225 656 1268 e
672 1223 732 1268 con
734 1203 838 1268 tineat
854 1211 925 1284 (eae
942 1203 1086 1269 formati-

8 1306 11 1313 ’
65 1337 142 1383 ones
156 1319 240 1385 med
248 1341 302 1385 wu
304 1325 418 1402 turp-⁴
421 1321 525 1392 ,Ἁι-
507 1279 586 1373 ¹³
544 1344 633 1421 ’rs‘-
655 1323 689 1386 in
688 1304 909 1405 ‘Aethiopico
939 1340 1086 1387 sermone

66 1435 204 1519 emplius
237 1458 303 1504 non
336 1444 435 1519 sunt)
492 1437 653 1522 Quoniam
683 1459 759 1505 vero
793 1459 904 1505 omnes
940 1439 1086 1522 reliquae

67 1554 184 1639 stirpes
207 1557 349 1624 mediam
371 1556 550 1623 radicalem
573 1557 748 1624 ostendunt
765 1556 891 1622 firmam
909 1578 1088 1624 consonan-

67 1676 133 1737 tem
155 1696 185 1739 w
207 1675 259 1741 vel
279 1675 299 1762 j
324 1695 432 1761 neque
461 1697 481 1742 a
507 1674 673 1742 firmorum
695 1677 867 1742 verborum
894 1675 1087 1742 formatione
1118 1738 1152 1773 „¹¹
1183 1726 1226 1775 ‘3¹¹

68 1790 255 1876 discrepant
289 1789 413 1881 (itaque
444 1817 471 1861 e.
500 1816 526 1860 c.
555 1792 656 1859 ΜΦ
682 1795 721 1860 Π
750 1799 783 1874 2,
816 1793 944 1858 'sd'wffl'
970 1793 1023 1862 IV
1044 1799 1088 1875 4),
1130 1770 1256 1885 '42⁸¹

69 1909 131 1993 nisi
154 1910 197 1977 ad
219 1931 378 1979 summum
403 1932 441 1978 eo
464 1913 551 1997 quod
573 1914 607 1978 in
630 1912 787 1996 gerundio
805 1913 975 1979 character
990 1914 1058 1978 eius
1077 1925 1091 1978 a

69 2029 171 2111 postj
189 2029 260 2095 fieri
282 2036 391 2114 potest
412 2039 436 2109 ἔ,
459 2038 496 2097 ut
518 2052 545 2097 e.
562 2053 591 2115 g.
612 2037 742 2117 praeter
764 2028 853 2096 mid
877 2037 910 2111 (a
933 2035 961 2096 2.
988 2032 1089 2114 stirpe
1130 2020 1237 2095 'affl

70 2144 264 2229 derivatum)
294 2170 379 2215 oum
402 2157 510 2216 certe
534 2152 609 2217 scit
630 2148 725 2224 ΜΦ
748 2171 875 2235 quoque
898 2151 1088 2226 inveniatur,
1125 2126 1137 2188 ;'
1208 2136 1211 2141 ⁵

72 2263 191 2330 sufficit
212 2268 333 2351 stirpes
355 2269 491 2352 primas,
520 2270 639 2356 quippe
667 2269 701 2334 in
729 2268 844 2355 quibus
868 2272 901 2332 et
922 2266 1034 2332 firmae
1057 2273 1091 2331 et

69 2382 214 2450 infirmae
238 2387 327 2451 cerni
349 2388 475 2470 possint
504 2388 701 2454 coniunctim
717 2386 996 2463 conformationes,
1021 2385 1091 2449 dili·

70 2501 197 2584 gentius
220 2506 414 2572 examinare.

157 2620 402 2711 inperfecto
426 2626 523 2708 stirps
546 2625 652 2708 prima
675 2629 709 2689 et
730 2645 795 2689 non
818 2627 916 2688 aucta
931 2625 965 2686 et
980 2622 1166 2699 causa-§95

71 2739 178 2806 tivao
206 2740 271 2807 sive
300 2752 317 2806 e
342 2742 486 2808 vocalem
516 2741 752 2808 immutabilem
781 2761 948 2808 assumere
979 2740 1091 2817 solent,

73 2877 146 2923 oum
168 2858 354 2925 formationi
375 2858 546 2926 reflexivae
569 2860 693 2945 primae
716 2860 826 2944 stirpis
846 2860 912 2925 iam
927 2857 1092 2923 firmorum

72 2975 115 3041 ad
141 2978 247 3044 instar
273 2979 444 3046 verborum
472 2986 686 3044 consonantes
712 3000 741 3043 w
769 2976 855 3060 velp'
878 2977 956 3056 (sive
985 2975 1092 3059 potius

74 3094 283 3182 diphthongis
311 3118 371 3177 uss,
399 3098 446 3178 wi)
474 3097 569 3163 solito
599 3097 784 3163 inserviant.
829 3093 974 3160 Perfecti
995 3093 1094 3177 igitur

73 3215 266 3299 paradigma
287 3215 349 3281 hoc
373 3217 440 3281 iere
462 3215 558 3281 modo
581 3219 859 3301 repraesentatur:
